@misc{isda_market_infrastructure,
  author = "{{International Swaps and Derivatives Association}}",
  title = "{The Future of Derivatives Processing and Market Infrastructure}",
  howpublished = "\url{https://www.isda.org/a/UEKDE/infrastructure-white-paper.pdf}",
  
  note = "Accessed on 14th August 2023"
}

@misc{isda_blueprint_collateral_processing,
  author = "{{International Swaps and Derivatives Association}}",
  title = "{A Blueprint for the Optimal Future State of Collateral Processing}",
  howpublished = "\url{https://www.isda.org/a/eVKDE/Collateral-Infrastructure-V8.pdf}",
  
  note = "Accessed on 14th August 2023"
}

@misc{isda_cdm_factsheet,
  author = "{{International Swaps and Derivatives Association}}",
  title = "{Common Domain Model}",
  howpublished = "\url{https://www.isda.org/2019/10/14/isda-common-domain-model/}",
  
  note = "Accessed on 16th August 2023"
}

@misc{isda_create_factsheet,
  author = "{{International Swaps and Derivatives Association}}",
  title = "{What is the ISDA Create?}",
  howpublished = "\url{https://www.isda.org/a/6ITME/ISDA-Create-Fact-sheet-FINAL-1.pdf}",
  
  note = "Accessed on 16th August 2023"
}

@misc{isda_clause_library_factsheet,
  author = "{{International Swaps and Derivatives Association}}",
  title = "{What is the ISDA Clause Library?}",
  howpublished = "\url{https://www.isda.org/a/YiqTE/ISDA-Clause-Library-Factsheet.pdf}",
  
  note = "Accessed on 16th August 2023"
}

@misc{jpm_liink,
  author = "{Liink by J.P. Morgan℠}",
  title = "{Unlocking the power of collective intelligence}",
  howpublished = "\url{https://www.jpmorgan.com/onyx/liink}",
  note = "Accessed on 16th August 2023"
}

@misc{barclays,
  author = "{Futures Industry Association}",
  title = "{Blockchain and Barclays: A Structured Approach}",
  howpublished = "\url{https://www.fia.org/marketvoice/articles/blockchain-and-barclays-structured-approach}",
  
  note = "Accessed on 16th August 2023"
}

@misc{daml,
  author = "{Digital Asset}",
  title = "{DAML}",
  howpublished = "\url{https://www.digitalasset.com/}",
  note = "Accessed on 16th August 2023"
}

@misc{yfinance,
  author = "{Yahoo Finance}",
  title = "{Yahoo Finance}",
  howpublished = "\url{https://uk.finance.yahoo.com/}",
  note = "Accessed on 22nd August 2023"
}

@misc{yfinance_python,
  author = "{Yahoo Finance}",
  title = "{Yahoo Finance Python Library}",
  howpublished = "\url{https://pypi.org/project/yfinance/}",
  note = "Accessed on 22nd August 2023"
}

@misc{woc_oracle,
  author = "{WitnessOnChain}",
  title = "{WitnessOnChain Service}",
  howpublished = "\url{https://witnessonchain.com/}",
  note = "Accessed on 22nd August 2023"
}

@misc{pegging_usdc,
  author = "{Gemini}",
  title = "{USD Coin (USDC) — A Stablecoin Pegged to the U.S. Dollar}",
  howpublished = "\url{https://www.gemini.com/cryptopedia/what-is-usdc-stablecoin-circle-crypto#section-what-is-usdc-bridging-the-gap-between-fiat-and-crypto}",
  note = "Accessed on 22nd August 2023"
}


@misc{haircut,
  author = "{European Central Bank}",
  title = "{What are haircuts}",
  howpublished = "\url{https://www.ecb.europa.eu/ecb/educational/explainers/tell-me-more/html/haircuts.en.html}",
  
  note = "Accessed on 22nd August 2023"
}

@InCollection{VaR,
    title = {CHAPTER 10 - Value at Risk},
    editor = {YACINE AÏT-SAHALIA and LARS PETER HANSEN},
    booktitle = {Handbook of Financial Econometrics: Tools and Techniques},
    publisher = {North-Holland},
    address = {San Diego},
    pages = {553-615},
    year = {2010},
    volume = {1},
    series = {Handbooks in Finance},
    issn = {15684997},
    doi = {https://doi.org/10.1016/B978-0-444-50897-3.50013-4},
    url = {https://www.sciencedirect.com/science/article/pii/B9780444508973500134},
    author = {Christian Gourieroux and Joann Jasiak},
}

@misc{SPAN,
  author = "{Japan Securities Clearning Corporation}",
  title = "{SPAN}",
  howpublished = "\url{https://www.jpx.co.jp/jscc/en/cash/futures/marginsystem/span.html#:~:text=The%20SPAN%C2%AE%20(Standard%20Portfolio,clearing%20institutions%20around%20the%20world.}",
  
  note = "Accessed on 22nd August 2023"
}

@misc{monte_carlo,
      title = {{Funding Valuation Adjustment: a consistent framework including CVA, DVA, collateral,netting rules and re-hypothecation}}, 
      author={Andrea Pallavicini and Daniele Perini and Damiano Brigo},
      year={2011},
      eprint={1112.1521},
      archivePrefix={arXiv},
      primaryClass={q-fin.PR}
}

@article{rollups,
title = {Modular zk-rollup on-demand},
journal = {Journal of Network and Computer Applications},
volume = {217},
pages = {103678},
year = {2023},
issn = {1084-8045},
doi = {https://doi.org/10.1016/j.jnca.2023.103678},
url = {https://www.sciencedirect.com/science/article/pii/S1084804523000978},
author = {Thomas Lavaur and Jonathan Detchart and Jérôme Lacan and Caroline P.C. Chanel},
keywords = {Zk-rollup, SNARK, STARK, Validium, Rollup, Blockchain, Layer 2, Scaling, Groups}
}

@misc{rollups_bsv,
  author = "{sCrypt}",
  title = "{ZK-Rollups on Bitcoin}",
  howpublished = "\url{https://medium.com/coinmonks/zk-rollups-on-bitcoin-ce35869b940d}",
  
  note = "Accessed on 22nd August 2023"
}


@misc{cdm_website,
  author = "{{International Swaps and Derivatives Association}}",
  title = "{Eligible Collateral Representation}",
  howpublished = "\url{https://cdm.docs.rosetta-technology.io/source/eligible-collateral-representation.html}",
  
  note = "Accessed on 23nd August 2023"
}

@misc{cdm_typescript,
  author = "{{International Swaps and Derivatives Association}}",
  title = "{cdm-typescript}",
  howpublished = "\url{https://central.sonatype.com/artifact/org.finos.cdm/cdm-typescript/5.0.0-dev.14}",
  
  note = "Accessed on 23nd August 2023"
}

@misc{IM,
  author = "{{International Swaps and Derivatives Association}}",
  title = "{Margin Approaches - The Relationship between Independent Amount and Initial Margin}",
  howpublished = "\url{https://www.isda.org/a/zR2gE/Margin-Approaches-New-Edited-August-2022.pdf}",
  
  note = "Accessed on 23nd August 2023"
}

@misc{scrypt_arrays,
  author = "{sCrypt}",
  title = "{FixedArray}",
  howpublished = "\url{https://docs.scrypt.io/reference/#fixedarray}",
  note = "Accessed on 23nd August 2023"
}

@inproceedings{inverted_index,
  title = {{Joint inverted indexing}},
  author={Xia, Yan and He, Kaiming and Wen, Fang and Sun, Jian},
  booktitle = {{Proceedings of the IEEE International Conference on Computer Vision}},
  pages={3416--3423},
  year={2013}
}



@misc{hashed_set,
  author = "{sCrypt}",
  title = "{HashedSet}",
  howpublished = "\url{https://docs.scrypt.io/reference/classes/HashedSet/}",
  note = "Accessed on 23nd August 2023"
}

@misc{hashed_map,
  author = "{sCrypt}",
  title = "{HashedMap}",
  howpublished = "\url{https://docs.scrypt.io/reference/classes/HashedMap/}",
  note = "Accessed on 23nd August 2023"
}

@article{invert_hash_functions,
  title = {{Cryptographic hash functions: a review}},
  author={Sobti, Rajeev and Geetha, Ganesan},
  journal={International Journal of Computer Science Issues (IJCSI)},
  volume={9},
  number={2},
  pages={461},
  year={2012},
  publisher={Citeseer}
}

@misc{bigint,
  author = "{Mozilla Developer Network}",
  title = "{BigInt}",
  howpublished = "\url{https://developer.mozilla.org/en-US/docs/Web/JavaScript/Reference/Global_Objects/BigInt}",
  note = "Accessed on 23nd August 2023"
}

@misc{dates,
  author = "{Mozilla Developer Network}",
  title = "{Date}",
  howpublished = "\url{https://developer.mozilla.org/en-US/docs/Web/JavaScript/Reference/Global_Objects/Date}",
  note = "Accessed on 23nd August 2023"
}

@article{epoch,
  title = {{UNIX Time, UTC, and datetime: Jussivity, prolepsis, and incorrigibility in modern timekeeping}},
  author={Hauser, Elliott},
  journal={Proceedings of the Association for Information Science and Technology},
  volume={55},
  number={1},
  pages={161--170},
  year={2018},
  publisher={Wiley Online Library}
}

@misc{generics,
  author = "{Typescript}",
  title = "{Generics}",
  howpublished = "\url{https://www.typescriptlang.org/docs/handbook/2/generics.html}",
  note = "Accessed on 23nd August 2023"
}

@misc{user-defined-types,
  author = "{sCrypt}",
  title = "{User-defined Types}",
  howpublished = "\url{https://docs.scrypt.io/how-to-write-a-contract/#user-defined-types}",
  note = "Accessed on 23nd August 2023"
}

@inproceedings{circular_dependencies,
  title = {{Circular dependencies and change-proneness: An empirical study}},
  author={Oyetoyan, Tosin Daniel and Falleri, Jean-R{\'e}my and Dietrich, Jens and Jezek, Kamil},
  booktitle = {{2015 IEEE 22nd International Conference on Software Analysis, Evolution, and Reengineering (SANER)}},
  pages={241--250},
  year={2015},
  organization={IEEE}
}


@misc{accenture,
  author = "{Accenture}",
  title = "{Inefficiencies in Collateral Management Cost the Financial Sector More than €4 Billion Annually}",
  howpublished = "\url{https://newsroom.accenture.com/news/inefficiencies-in-collateral-management-cost-the-financial-sector-more-than-four-billion-annually-according-to-accenture-clearstream-survey.htm}",
  
  note = "Accessed on 26th August 2023"
}

@book{dodd-frank,
  title = {{The new financial deal: understanding the Dodd-Frank Act and its (unintended) consequences}},
  author={Skeel, David},
  year={2010},
  publisher={John Wiley \& Sons}
}

@misc{EMIR,
  author = "{European Commission}",
  title = "{The European Market Infrastructure Regulation (EMIR)}",
  howpublished = "\url{https://finance.ec.europa.eu/capital-markets-union-and-financial-markets/financial-markets/post-trade-services/derivatives-emir_en}",
  
  note = "Accessed on 26th August 2023"
}

@article{costs_doddfrank_emir,
  title = {{{European Markets Infrastructure Regulation (EMIR) and Dodd-Frank Wall Street Reform and Consumer Protection Act (DFA): A New Revolution of OTC Derivatives Towards Transparency}}},
  author={Aditya, PD},
  journal={Available at SSRN 2314998},
  year={2013}
}

@misc{deloitte_costs,
  author = "{Deloitte}",
  title = "{Collateral management takes centre stage}",
  howpublished = "\url{https://www2.deloitte.com/content/dam/Deloitte/za/Documents/audit/ZA_CollateralManagement_17042014.pdf}",
  
  note = "Accessed on 26th August 2023"
}

@misc{bis_costs,
  author = "{Deloitte}",
  title = "{Bank for International Settlements}",
  howpublished = "\url{https://www.bis.org/statistics/derstats.htm}",
  
  note = "Accessed on 26th August 2023"
}

@article{digital_asset_tokenization,
  title = {{The tokenization of assets is disrupting the financial industry. Are you ready}},
  author={Laurent, Patrick and Chollet, Thibault and Burke, Michael and Seers, Tobias},
  journal={Inside magazine},
  volume={19},
  pages={62--67},
  year={2018}
}

@misc{mckisney_tokenization,
  title = {{Tokenization: A digital-asset déjà vu}},
  author={{McKinsey \& Company}},
  howpublished = "\url{https://www.mckinsey.com/industries/financial-services/our-insights/tokenization-a-digital-asset-deja-vu#/}",
  
  note = "Accessed on 28th August 2023"
}

@misc{Deutsche_Bundesbank,
  title = {{How Can Collateral Management Benefit from DLT?}},
  author={{Deutsche Bundesbank}},
  howpublished = "\url{https://www.bundesbank.de/resource/blob/823072/4d14afd4b6dbffa94a46ee52f46e99bd/mL/how-can-collateral-management-benefit-from-dlt-data.pdf}",
  
  note = "Accessed on 28th August 2023"
}

@misc{DTCC,
  title = {{Modernizing the U.S. Equity Markets Post-Trade Infrastructure}},
  author={{Depository Trust \& Clearing Corporation}},
  howpublished = "\url{https://www.dtcc.com/~/media/Files/downloads/Thought-leadership/modernizing-the-u-s-equity-markets-post-trade-infrastructure.pdf}",
  
  note = "Accessed on 28th August 2023"
}

@article{t_2_settlements,
  title = {{Settling down: T+ 2 settlement cycle and liquidity}},
  author={Baig, Ahmed and Breeze, Stephen and Cox, Justin and Griffith, Todd},
  journal={European Financial Management},
  volume={28},
  number={5},
  pages={1260--1282},
  year={2022},
  publisher={Wiley Online Library}
}

@misc{BoE_rates,
  title = {{Bank Rate increased to 5.25\%}},
  author={{Bank of England}},
  howpublished = "\url{https://www.bankofengland.co.uk/monetary-policy-summary-and-minutes/2023/august-2023#:~:text=At%20its%20meeting%20ending%20on,maintain%20Bank%20Rate%20at%205%25.}",
  
  note = "Accessed on 28th August 2023"
}

@misc{Thomson_Reuters,
  title = {{Cost of Compliance Report 2020}},
  author={{Thomson Reuters}},
  howpublished = "\url{https://corporate.thomsonreuters.com/Cost-of-Compliance-2020}",
  
  note = "Accessed on 28th August 2023"
}

@misc{SEC,
  title = {{Recordkeeping and Reporting Requirements for Security-Based Swap Dealers, Major Security-Based Swap Participants, and Broker-Dealers}},
  author={{Securities and Exchange Commission}},
  howpublished = "\url{https://www.sec.gov/files/rules/final/2019/34-87005.pdf}",
  
  note = "Accessed on 28th August 2023"
}


@misc{isda_transparency,
  author={{International Swaps and Derivatives Association}},
  title = {{Transparency in CDS}},
  howpublished = "\url{https://www.isda.org/2023/03/30/transparency-in-cds/}",
  
  note = "Accessed on 28th August 2023"
}

@misc{dtcc_reporting,
  author={{Depository Trust \& Clearing Corporation}},
  title = {{The Changing Face of Derivative Reporting}},
  howpublished = "\url{https://www.dtcc.com/dtcc-connection/articles/2021/april/23/the-changing-face-of-derivatives-reporting}",
  
  note = "Accessed on 28th August 2023"
}

@article{zohar2015bitcoin,
  title = {{Bitcoin: under the hood}},
  author={Zohar, Aviv},
  journal={Communications of the ACM},
  volume={58},
  number={9},
  pages={104--113},
  year={2015},
  publisher={ACM New York, NY, USA}
}

@article{nakamoto2008bitcoin,
  title = {{Bitcoin: A peer-to-peer electronic cash system}},
  author={Nakamoto, Satoshi},
  journal={Decentralized business review},
  year={2008}
}

@article{buterin2014next,
  title = {{A next-generation smart contract and decentralized application platform}},
  author={Buterin, Vitalik and others},
  journal={white paper},
  volume={3},
  number={37},
  pages={2--1},
  year={2014}
}

@misc{erc_20_eth,
  author={{Ethereum Foundation}},
  title = {{ERC-20 Token Standard}},
  howpublished = "\url{https://ethereum.org/en/developers/docs/standards/tokens/erc-20/}",
  
  note = "Accessed on 28th August 2023"
}

@misc{erc_20_bsv,
  author={sCrypt},
  title = {{UTXO-based Layer-1 Tokens on Bitcoin SV}},
  howpublished = "\url{https://xiaohuiliu.medium.com/utxo-based-layer-1-tokens-on-bitcoin-sv-f5e86a74c1e1}",
  
  note = "Accessed on 28th August 2023"
}

@misc{isda_tokenisation_models,
  author={{International Swaps and Derivatives Association}},
  title = {{Accounting for Digital Assets: Key Considerations}},
  howpublished = "\url{https://www.isda.org/a/88VgE/Accounting-for-Digital-Assets-Key-Considerations.pdf}",
  
  note = "Accessed on 29th August 2023"
}

@misc{eib_bond,
  author={{European Investment Bank}},
  title = {{EIB issues its first ever digital bond in pound sterling}},
  howpublished = "\url{https://www.eib.org/en/press/all/2023-030-eib-issues-its-first-ever-digital-bond-in-british-pounds}",
  
  note = "Accessed on 29th August 2023"
}

@misc{usdt,
  author={{Tether}},
  title = {{USDT}},
  howpublished = "\url{https://tether.to/en/}",
  
  note = "Accessed on 29th August 2023"
}

@misc{usdc,
  author={{Circle}},
  title = {{USDC}},
  howpublished = "\url{https://www.circle.com/}",
  
  note = "Accessed on 29th August 2023"
}


@misc{project_ion,
  author={{{Depository Trust \& Clearing Corporation}}},
  title = {{DTCC's project ion platform now live in parallel production environment, processing over 100,000 transactions per day on DLT}},
  howpublished = "\url{https://www.dtcc.com/news/2022/august/22/project-ion}",
  
  note = "Accessed on 29th August 2023"
}


@misc{eu_data_fragmentation,
  author={{Council of European Union}},
  title = {{Document 52021PC0727: Proposal for a REGULATION OF THE EUROPEAN PARLIAMENT AND OF THE COUNCIL amending Regulation (EU) No 600/2014 as regards enhancing market data transparency, removing obstacles to the emergence of a consolidated tape, optimising the trading obligations and prohibiting receiving payments for forwarding client orders}},
  howpublished = "\url{https://eur-lex.europa.eu/LexUriServ/LexUriServ.do?uri=SWD:2021:0346:FIN:EN:PDF}",
  
  note = "Accessed on 30th August 2023"
}

@misc{fca_reporting_fines,
  author={{Financial Conduct Authority}},
  title = {{Transaction reporting fines}},
  howpublished = "\url{https://www.fca.org.uk/markets/transaction-reporting/transaction-reporting-fines}",
  
  note = "Accessed on 30th August 2023"
}

@misc{SWIFT,
  author={{Society for Worldwide Interbank Financial Telecommunication (SWIFT)}},
  title = {{Banks and corporates use Swift for OTC derivatives reporting}},
  howpublished = "\url{https://www.swift.com/news-events/news/banks-and-corporates-use-swift-otc-derivatives-reporting}",
  
  note = "Accessed on 30th August 2023"
}

@article{jayeola2020inefficiencies,
  title = {{Inefficiencies in trade reporting for over-the-counter derivatives: Is blockchain the solution?}},
  author={Jayeola, Olatunji},
  journal={Capital Markets Law Journal},
  volume={15},
  number={1},
  pages={48--69},
  year={2020},
  publisher={Oxford University Press}
}


@article{anderson2014economics,
  title = {{The economics of collateral}},
  author={Anderson, Ronald W and Joeveer, Karin},
  journal={Available at SSRN 2427231},
  year={2014}
}

@misc{Celent,
  author={{Celent}},
  title = {{Maximizing collateral advantage: a survey of buy side business and operational strategies}},
  howpublished = "\url{https://www.celent.com/insights/646280961}",
  
  note = "Accessed on 1st September 2023"
}

@misc{isda_fragmentation,
  author={{International Swaps and Derivatives Association}},
  title = {{Cross-Border Fragmentation of Global OTC Derivatives: An Empirical Analysis}},
  howpublished = "\url{https://www.isda.org/a/cSiDE/cross-border-fragmentation-an-empirical-analysis.pdf}",
  
  note = "Accessed on 1st September 2023"
}


@misc{Greenwich_Associates,
  author={{Greenwich Associates}},
  title = {{Cleared Derivatives Processing: A Strategic Approach}},
  howpublished = "\url{https://www.greenwich.com/equities/cleared-derivatives-processing-strategic-approach}",
  
  note = "Accessed on 1st September 2023"
}

@article{ruault2015collateral,
  title = {{Collateral management—Winners or losers in five years’ time?}},
  author={Ruault, Philippe},
  journal={Journal of Securities Operations \& Custody},
  volume={8},
  number={1},
  pages={41--45},
  year={2015},
  publisher={Henry Stewart Publications}
}


@misc{isda_key_trends,
  author={{International Swaps and Derivatives Association}},
  title = {{Key trends in the size and composition of otc derivatives markets in the second half of 2022}},
  howpublished = "\url{https://www.isda.org/a/wdXgE/Key-Trends-in-the-Size-and-Composition-of-OTC-Derivatives-Markets-in-the-Second-Half-of-2022.pdf}",
  
  note = "Accessed on 1st September 2023"
}

@article{feenan2021decentralized,
  title = {{Decentralized financial market infrastructures: Evolution from intermediated structures to decentralized structures for financial agreements}},
  author={Feenan, Sara and Heller, Daniel and Lipton, Alexander and Morini, Massimo and Ram, Rhomaios and Sams, Robert and Swanson, Tim and Yong, Stanley and Zalles, Diana Barrero},
  journal={The Journal of FinTech},
  volume={1},
  number={02},
  pages={2150002},
  year={2021},
  publisher={World Scientific}
}

@article{morini2016blockchain,
  title = {{From "Blockchain hype" to a real business case for Financial Markets}},
  author={Morini, Massimo},
  journal={Available at SSRN 2760184},
  year={2016}
}


@article{schar2021decentralized,
  title = {{Decentralized finance: On blockchain-and smart contract-based financial markets}},
  author={Sch{\"a}r, Fabian},
  journal={FRB of St. Louis Review},
  year={2021}
}

@techreport{lesavre2020blockchain,
  title={Blockchain networks: Token design and management overview},
  author={{Lesavre, Lo{\"\i}c and Varin, Priam and Yaga, Dylan}},
  year={2020},
  institution={National Institute of Standards and Technology}
}


@article{giancaspro2017smart,
  title = {{Is a ‘smart contract’really a smart idea? Insights from a legal perspective}},
  author={Giancaspro, Mark},
  journal={Computer law \& security review},
  volume={33},
  number={6},
  pages={825--835},
  year={2017},
  publisher={Elsevier}
}



@article{raskin2016law,
  title = {{The law and legality of smart contracts}},
  author={Raskin, Max},
  journal={Geo. L. Tech. Rev.},
  volume={1},
  pages={305},
  year={2016},
  publisher={HeinOnline}
}

@article{ferreira2020emerging,
  title = {{Emerging regulatory approaches to blockchain based token economy}},
  author={Ferreira, Agata},
  journal={The Journal of The British Blockchain Association},
  year={2020},
  publisher={The British Blockchain Association}
}

@article{kakavand2017blockchain,
  title = {{The blockchain revolution: An analysis of regulation and technology related to distributed ledger technologies}},
  author={Kakavand, Hossein and Kost De Sevres, Nicolette and Chilton, Bart},
  journal={Available at SSRN 2849251},
  year={2017}
}

@article{aoyagi2020liquidity,
  title = {{Liquidity provision by automated market makers}},
  author={Aoyagi, Jun},
  journal={Available at SSRN 3674178},
  year={2020}
}

@article{maureen2001overview,
  title = {{Overview: market structure issues in market liquidity}},
  author={Maureen, O},
  journal={This publication is available on the BIS website (www. bis. org).},
  pages={1},
  year={2001},
  publisher={Citeseer}
}

@misc{BSA,
  author={{Financial Crimes Enforcement Network}},
  title = {{The Bank Secrecy Act}},
  howpublished = "\url{https://www.fincen.gov/resources/statutes-and-regulations/bank-secrecy-act}",
  
  note = "Accessed on 4th September 2023"
}

@misc{uk_aml,
  author={{Public General Acts of the UK Parliament}},
  title = {{The Money Laundering, Terrorist Financing and Transfer of Funds (Information on the Payer) Regulations 2017}},
  howpublished = "\url{https://www.legislation.gov.uk/uksi/2017/692/made}",
  
  note = "Accessed on 4th September 2023"
}

@misc{e-SIGN,
  author={{Federal Deposit Insurance Corporation}},
  title = {{The Electronic Signatures in Global and National Commerce Act (E-Sign Act)}},
  howpublished = "\url{https://www.fdic.gov/resources/supervision-and-examinations/consumer-compliance-examination-manual/documents/10/x-3-1.pdf}",
  
  note = "Accessed on 4th September 2023"
}

@misc{eIDAS,
  author={{European Commission}},
  title = {{{eIDAS Regulation}}},
  howpublished = "\url{https://digital-strategy.ec.europa.eu/en/policies/eidas-regulation}",
  
  note = "Accessed on 4th September 2023"
}

@misc{ucc_9,
  author={{Legal Information Institute - Cornell Law School}},
  title = {{U.C.C. - Article 9 - Secured Transactions}},
  howpublished = "\url{https://www.law.cornell.edu/ucc/9}",
  
  note = "Accessed on 4th September 2023"
}

@article{clack2019smart,
  title = {{{Smart Derivatives Contracts: the ISDA Master Agreement and the automation of payments and deliveries}}},
  author={Clack, Christopher D and McGonagle, Ciaran},
  journal={arXiv preprint arXiv:1904.01461},
  year={2019}
}



@misc{bsv_home,
  author={{Bitcoin Satoshi Vision}},
  title = {{Global Infrastructure On The Original Bitcoin Blockchain}},
  howpublished = "\url{https://www.bitcoinsv.com/}",
  
  note = "Accessed on 4th September 2023"
}

@book{dannen2017introducing,
  title = {{Introducing Ethereum and solidity}},
  author={Dannen, Chris},
  volume={1},
  year={2017},
  publisher={Springer}
}

@inproceedings{androulaki2018hyperledger,
  title = {{Hyperledger fabric: a distributed operating system for permissioned blockchains}},
  author={Androulaki, Elli and Barger, Artem and Bortnikov, Vita and Cachin, Christian and Christidis, Konstantinos and De Caro, Angelo and Enyeart, David and Ferris, Christopher and Laventman, Gennady and Manevich, Yacov and others},
  booktitle = {{Proceedings of the thirteenth EuroSys conference}},
  pages={1--15},
  year={2018}
}


@misc{scrypt_home,
  author = "{sCrypt}",
  title = "{sCrypt Smart Contracts}",
  howpublished = "\url{https://scrypt.io/}",
  
  note = "Accessed on 22nd August 2023"
}

@misc{typescript_home,
  author = "{Microsoft}",
  title = "{TypeScript: JavaScript With Syntax For Types}",
  howpublished = "\url{https://www.typescriptlang.org/}",
  
  note = "Accessed on 23nd August 2023"
}

@misc{coingeek_bsv,
  author = "{CoinGeek}",
  title = "{BSV’s low transaction fees make it enterprises’ only blockchain option}",
  howpublished = "\url{https://coingeek.com/bsv-low-transaction-fees-make-it-enterprises-only-blockchain-option/}",
  
  note = "Accessed on 23nd August 2023"
}

@inproceedings{clack2018temporal,
  title = {{Temporal aspects of smart contracts for financial derivatives}},
  author={Clack, Christopher D and Vanca, Gabriel},
  booktitle = {{Leveraging Applications of Formal Methods, Verification and Validation. Industrial Practice: 8th International Symposium, ISoLA 2018, Limassol, Cyprus, November 5-9, 2018, Proceedings, Part IV 8}},
  pages={339--355},
  year={2018},
  organization={Springer}
}

@article{hammoudeh2013risk,
  title = {{Risk management and financial derivatives: An overview}},
  author={Hammoudeh, Shawkat and McAleer, Michael},
  journal={The North American Journal of Economics and Finance},
  volume={25},
  pages={109--115},
  year={2013},
  publisher={Elsevier}
}

@article{bartram2019corporate,
  title = {{Corporate hedging and speculation with derivatives}},
  author={Bartram, S{\"o}hnke M},
  journal={Journal of Corporate Finance},
  volume={57},
  pages={9--34},
  year={2019},
  publisher={Elsevier}
}

@article{panayides2006arbitrage,
  title = {{Arbitrage opportunities and their implications to derivative hedging}},
  author={Panayides, Stephanos},
  journal={Physica A: Statistical Mechanics and its Applications},
  volume={361},
  number={1},
  pages={289--296},
  year={2006},
  publisher={Elsevier}
}

@misc{DTCC_trade_repositories,
  title = {{The future of trade repositories: opportunities, challenges and the pursuit of global market transparency}},
  author={{Depository Trust \& Clearing Corporation}},
  howpublished = "\url{https://www.dtcc.com/-/media/Files/Downloads/Bylined-Articles/EuromoneyBodsonGTR062013dtcccom.pdf}",
  
  note = "Accessed on 28th August 2023"
}

@misc{cdm_distribution_github,
  title = {{Common-domain-model}},
  author={{FINOS}},
  howpublished = "\url{https://github.com/finos/common-domain-model}",
  
  note = "Accessed on 5th September 2023"
}

@misc{rosetta_dsl,
  title = {{{Rosetta DSL}}},
  author={{REGnosys}},
  howpublished = "\url{https://docs.rosetta-technology.io/rosetta/rosetta-dsl/}",
  
  note = "Accessed on 5th September 2023"
}

@misc{applications_cdm,
  title = {{{Rosetta Products}}},
  author={{REGnosys}},
  howpublished = "\url{https://docs.rosetta-technology.io/rosetta/rosetta-products/}",
  
  note = "Accessed on 5th September 2023"
}

@misc{clause_startup,
  title = {{{Startup Uses 'Internet of Things' to Enable Contracts to Perform Themselves}}},
  author={{LawSites}},
  howpublished = "\url{https://www.lawnext.com/2016/10/startup-uses-internet-things-enable-contracts-perform.html}",
  
  note = "Accessed on 5th September 2023"
}

@misc{komgo_startup,
  title = {{{Komgo | Trade Finance Solutions for the industry}}},
  author={{Komgo}},
  howpublished = "\url{https://www.komgo.io/}",
  
  note = "Accessed on 5th September 2023"
}

@misc{HQLAs,
  title = {{{High-quality liquid assets}}},
  author={{{Bank for International Settlements}}},
  howpublished = "\url{https://www.bis.org/basel_framework/chapter/LCR/30.htm}",
  
  note = "Accessed on 5th September 2023"
}


@misc{Decentralized_Data_Feeds,
  title = {{{Decentralized Data Feeds}}},
  author={{{Chainlink}}},
  howpublished = "\url{https://data.chain.link/}",
  
  note = "Accessed on 5th September 2023"
}

@misc{volatility_oracles,
  title = {{{Volatility Oracles: Unlocking New DeFi Risk Management Strategies and Derivatives Markets}}},
  author={{{Chainlink}}},
  howpublished = "\url{https://blog.chain.link/volatility-oracles/}",
  
  note = "Accessed on 5th September 2023"
}


@misc{crosschain_oracles,
  title = {{{Cross-Chain Interoperability Protocol (CCIP)}}},
  author={{{Chainlink}}},
  howpublished = "\url{https://chain.link/cross-chain}",
  
  note = "Accessed on 5th September 2023"
}

@misc{tradfi_defi_oracles,
  title = {{{How Data Oracles Connect DeFi and TradFi}}},
  author={{{CoinDesk}}},
  howpublished = "\url{https://www.coindesk.com/video/how-data-oracles-connect-defi-and-tradfi/}",
  
  note = "Accessed on 5th September 2023"
}

@misc{types_oracles,
  title = {{{Types of Blockchain Oracles}}},
  author={{{Chainlink}}},
  howpublished = "\url{https://chain.link/education/blockchain-oracles#types-of-blockchain-oracles}",
  
  note = "Accessed on 5th September 2023"
}

@misc{registered_tokens,
  title = {{{Token Registry}}},
  author={{{CSIRO Research}}},
  howpublished = "\url{https://research.csiro.au/blockchainpatterns/general-patterns/blockchain-payment-patterns/token-registry/}",
  
  note = "Accessed on 5th September 2023"
}

@article{bearer_tokens,
  title = {{Legal and regulatory considerations for digital assets}},
  author={Allen, Jason G and Rauchs, Michel and Blandin, Apolline and Bear, Keith},
  year={2020},
  publisher={CCAF Publications}
}

@misc{claims_tokens,
  title = {{{Custody of cryptoassets: moving towards industry best practice}}},
  author={{{Clifford Chance}}},
  howpublished = "\url{https://www.cliffordchance.com/content/dam/cliffordchance/briefings/2023/06/custody-of-cryptoassets.pdf}",
  
  note = "Accessed on 5th September 2023"
}

@misc{tokenovate_tokenisation_models,
  title = {{{Tokenization Structures}}},
  author={{{Tokenovate Ltd}}},
  
  note = "Accessed on 5th September 2023"
}

@misc{isda_collateral_sc_legal_guidelines,
  title = {{{Legal guidelines for smart derivatives contracts: collateral}}},
  author={{International Swaps and Derivatives Association}},
  howpublished = "\url{https://www.isda.org/a/VTkTE/Legal-Guidelines-for-Smart-Derivatives-Contracts-Collateral.pdf}",
  
  note = "Accessed on 5th September 2023"
}

@misc{btc_block_size_limit,
  title = {{{What is the Bitcoin block size limit?}}},
  author={{Bitcoin Magazine}},
  howpublished = "\url{https://bitcoinmagazine.com/guides/what-is-the-bitcoin-block-size-limit}",
  
  note = "Accessed on 5th September 2023"
}

@misc{eth_block_size,
  title = {{{Ethereum Block Size}}},
  author={{Ethereum Foundation}},
  howpublished = "\url{https://ethereum.org/en/developers/docs/blocks/#block-size}",
  
  note = "Accessed on 5th September 2023"
}

@misc{eth_gas,
  title = {{{Gas and Fees}}},
  author={{Ethereum Foundation}},
  howpublished = "\url{https://ethereum.org/en/developers/docs/gas/}",
  
  note = "Accessed on 5th September 2023"
}

@article{singh2020computing,
  title = {{Computing optimal block size for blockchain based applications with contradictory objectives}},
  author={Singh, Nikita and Vardhan, Manu},
  journal={Procedia Computer Science},
  volume={171},
  pages={1389--1398},
  year={2020},
  publisher={Elsevier}
}

@misc{bsv_block_size,
  title = {{{TAAL brings 4GB blocks to BSV with breakthrough upgrade – What miners should know}}},
  author={{BSV Blockchain}},
  howpublished = "\url{https://www.bsvblockchain.org/news/taal-brings-4gb-blocks-to-bsv-with-breakthrough-upgrade-what-miners-should-know}",
  
  note = "Accessed on 5th September 2023"
}

@misc{eth_tx_fee,
  title = {{{Ethereum Average Transaction Fee}}},
  author={{YCharts}},
  howpublished = "\url{https://ycharts.com/indicators/ethereum_average_transaction_fee}",
  
  note = "Accessed on 5th September 2023"
}

@misc{btc_tx_fee,
  title = {{{Bitcoin Average Transaction Fee}}},
  author={{YCharts}},
  howpublished = "\url{https://ycharts.com/indicators/bitcoin_average_transaction_fee#:~:text=Basic%20Info,0.87%25%20from%20one%20year%20ago.}",
  
  note = "Accessed on 5th September 2023"
}

@misc{bsv_tx_fee,
  title = {{{BSV Average Transaction Fee}}},
  author={{WhatsOnChain}},
  howpublished = "\url{https://whatsonchain.com/block-stat/avg_fee}",
  
  note = "Accessed on 5th September 2023"
}

@misc{eth_loops,
  title = {{{Advantages of Decidability in Smart Contracts}}},
  author={{Stacks}},
  howpublished = "\url{https://docs.stacks.co/docs/clarity/security/decidable#advantages-of-decidability-in-smart-contracts}",
  
  note = "Accessed on 5th September 2023"
}

@misc{btc_limits_safeguards,
  title = {{{What are Bitcoin's transaction and script limits?}}},
  author={{Bitcoin Stack Exchange}},
  howpublished = "\url{https://bitcoin.stackexchange.com/questions/117594/what-are-bitcoins-transaction-and-script-limits#:~:text=Standardness%20rules%20only%20allow%20for%203600%20bytes%20for%20the%20script,be%20pushed%20per%20stack%20element.}",
  
  note = "Accessed on 5th September 2023"
}

@inproceedings{di2020tokens,
  title = {{Tokens, types, and standards: identification and utilization in Ethereum}},
  author={Di Angelo, Monika and Salzer, Gernot},
  booktitle = {{2020 IEEE International Conference on Decentralized Applications and Infrastructures (DAPPS)}},
  pages={1--10},
  year={2020},
  organization={IEEE}
}

@inbook{antonopoulos2014mastering,
  title = {{Mastering Bitcoin: unlocking digital cryptocurrencies}},
  author={Antonopoulos, Andreas M},
  year={2014},
  pages={124},
  publisher={" O'Reilly Media, Inc."}
}

@misc{p2pkh,
  title = {{{Pay-to-Public-Key-Hash (P2PKH)}}},
  author={{River Financial}},
  howpublished = "\url{https://river.com/learn/terms/p/p2pkh/}",
  
  note = "Accessed on 6th September 2023"
}

@misc{p2sh,
  title = {{{Pay-to-Script-Hash (P2SH)}}},
  author={{River Financial}},
  howpublished = "\url{https://river.com/learn/terms/p/p2sh/}",
  
  note = "Accessed on 6th September 2023"
}

@misc{meisami2023comprehensive,
      title = {{A Comprehensive Survey of Upgradeable Smart Contract Patterns}}, 
      author={Sajad Meisami and William Edward Bodell III au2},
      year={2023},
      eprint={2304.03405},
      archivePrefix={arXiv},
      primaryClass={cs.CR}
}

@article{zheng2020overview,
  title = {{An overview on smart contracts: Challenges, advances and platforms}},
  author={Zheng, Zibin and Xie, Shaoan and Dai, Hong-Ning and Chen, Weili and Chen, Xiangping and Weng, Jian and Imran, Muhammad},
  journal={Future Generation Computer Systems},
  volume={105},
  pages={475--491},
  year={2020},
  publisher={Elsevier}
}


@misc{proxy_pattern,
  title = {{{Upgradable Smart Contracts: What They Are and How To Deploy Your Own}}},
  author={{{Chainlink}}},
  howpublished = "\url{https://blog.chain.link/upgradable-smart-contracts/}",
  
  note = "Accessed on 5th September 2023"
}

@misc{token_lockup,
  title = {{{Token Lockup}}},
  author={{{Techopedia}}},
  howpublished = "\url{https://www.techopedia.com/definition/token-lockup}",
  
  note = "Accessed on 5th September 2023"
}

@article{dib2020decentralized,
  title = {{Decentralized identity systems: Architecture, challenges, solutions and future directions}},
  author={Dib, Omar and Toumi, Khalifa},
  journal={Annals of Emerging Technologies in Computing (AETiC), Print ISSN},
  pages={2516--0281},
  year={2020}
}

@misc{bigint_number_performance,
  title = {{{JS BigInt vs Number Performance Comparison}}},
  author={{{MeasureThat.net}}},
  howpublished = "\url{https://www.measurethat.net/Benchmarks/Show/19007/0/js-bigint-big-number-performance-v2#latest_results_block}",
  
  note = "Accessed on 5th September 2023"
}

@article{cronjobs,
  title = {{Take command: cron: Job scheduler}},
  author={Keller, Michael S},
  journal={Linux Journal},
  volume={1999},
  number={65es},
  pages={15--es},
  year={1999},
  publisher={Belltown Media Houston, TX}
}

@inproceedings{gobel2017increased,
  title = {{Increased block size and Bitcoin blockchain dynamics}},
  author={G{\"o}bel, Johannes and Krzesinski, Anthony E},
  booktitle = {{2017 27th International Telecommunication Networks and Applications Conference (ITNAC)}},
  pages={1--6},
  year={2017},
  organization={IEEE}
}

@inproceedings{li2020comparative,
  title = {{Comparative analysis of bitcoin, ethereum, and libra}},
  author={Li, Wenzheng and He, Mingsheng},
  booktitle = {{2020 IEEE 11th International Conference on Software Engineering and Service Science (ICSESS)}},
  pages={545--550},
  year={2020},
  organization={IEEE}
}

@inproceedings{tartan2021scalable,
  title = {{A Scalable Bitcoin-based Public Key Certificate Management System.}},
  author={Tartan, Chloe and Wright, Craig and Pettit, Michaella and Zhang, Wei},
  booktitle = {{SECRYPT}},
  pages={548--559},
  year={2021}
}

@book{quail2002financial,
  title={Financial derivatives},
  author={Quail, Rob and Overdahl, James A},
  volume={127},
  year={2002},
  publisher={John Wiley \& Sons}
}

@book{ferran2012regulatory,
  title={The regulatory aftermath of the global financial crisis},
  author={Ferran, Eil{\'\i}s},
  year={2012},
  publisher={Cambridge University Press}
}

@misc{isda_home,
  title = {{{ISDA Homepage}}},
  author={{{{{International Swaps and Derivatives Association}}}}},
  howpublished = "\url{https://www.isda.org/}",
  note = "Accessed on 5th September 2023"
}

@article{szabo1997formalizing,
  title={Formalizing and securing relationships on public networks},
  author={Szabo, Nick},
  journal={First monday},
  year={1997}
}

@book{ruhl2021smart,
  title={Smart (legal) contracts, or: which (contract) law for smart contracts?},
  author={R{\"u}hl, Giesela},
  year={2021},
  publisher={Springer}
}

@article{al2020trustworthy,
  title={Trustworthy blockchain oracles: review, comparison, and open research challenges},
  author={Al-Breiki, Hamda and Rehman, Muhammad Habib Ur and Salah, Khaled and Svetinovic, Davor},
  journal={IEEE access},
  volume={8},
  pages={85675--85685},
  year={2020},
  publisher={IEEE}
}







